@article{russakovsky2015imagenet,
  title={Imagenet large scale visual recognition challenge},
  author={Russakovsky, Olga and Deng, Jia and Su, Hao and Krause, Jonathan and Satheesh, Sanjeev and Ma, Sean and Huang, Zhiheng and Karpathy, Andrej and Khosla, Aditya and Bernstein, Michael and others},
  journal={International journal of computer vision},
  volume={115},
  number={3},
  pages={211--252},
  year={2015},
  publisher={Springer}
}

@inproceedings{krizhevsky2012imagenet,
  title={Imagenet classification with deep convolutional neural networks},
  author={Krizhevsky, Alex and Sutskever, Ilya and Hinton, Geoffrey E},
  booktitle={Advances in neural information processing systems},
  pages={1097--1105},
  year={2012}
}

@inproceedings{he2016deep,
  title={Deep residual learning for image recognition},
  author={He, Kaiming and Zhang, Xiangyu and Ren, Shaoqing and Sun, Jian},
  booktitle={Proceedings of the IEEE conference on computer vision and pattern recognition},
  pages={770--778},
  year={2016}
}

@article{lecun1998gradient,
  title={Gradient-based learning applied to document recognition},
  author={LeCun, Yann and Bottou, L{\'e}on and Bengio, Yoshua and Haffner, Patrick},
  journal={Proceedings of the IEEE},
  volume={86},
  number={11},
  pages={2278--2324},
  year={1998},
  publisher={Ieee}
}
@inproceedings{lin2014microsoft,
  title={Microsoft coco: Common objects in context},
  author={Lin, Tsung-Yi and Maire, Michael and Belongie, Serge and Hays, James and Perona, Pietro and Ramanan, Deva and Doll{\'a}r, Piotr and Zitnick, C Lawrence},
  booktitle={European conference on computer vision},
  pages={740--755},
  year={2014},
  organization={Springer}
}

@article{mckinney2020international,
  title={International evaluation of an AI system for breast cancer screening},
  author={McKinney, Scott Mayer and Sieniek, Marcin and Godbole, Varun and Godwin, Jonathan and Antropova, Natasha and Ashrafian, Hutan and Back, Trevor and Chesus, Mary and Corrado, Greg C and Darzi, Ara and others},
  journal={Nature},
  volume={577},
  number={7788},
  pages={89--94},
  year={2020},
  publisher={Nature Publishing Group}
}

@inproceedings{li2019signet,
  title={Signet ring cell detection with a semi-supervised learning framework},
  author={Li, Jiahui and Yang, Shuang and Huang, Xiaodi and Da, Qian and Yang, Xiaoqun and Hu, Zhiqiang and Duan, Qi and Wang, Chaofu and Li, Hongsheng},
  booktitle={International Conference on Information Processing in Medical Imaging},
  pages={842--854},
  year={2019},
  organization={Springer}
}

@article{chen2019augmented,
  title={An augmented reality microscope with real-time artificial intelligence integration for cancer diagnosis},
  author={Chen, Po-Hsuan Cameron and Gadepalli, Krishna and MacDonald, Robert and Liu, Yun and Kadowaki, Shiro and Nagpal, Kunal and Kohlberger, Timo and Dean, Jeffrey and Corrado, Greg S and Hipp, Jason D and others},
  journal={Nature medicine},
  volume={25},
  number={9},
  pages={1453--1457},
  year={2019},
  publisher={Nature Publishing Group}
}

@misc{bionetworks, title={RA2 Dream Challenge}, howpublished={\url{https://www.synapse.org/#!Synapse:syn20545111}}, journal={Synapse}, author={Bionetworks, Sage}}

@article{ILSVRC15,
Author = {Olga Russakovsky and Jia Deng and Hao Su and Jonathan Krause and Sanjeev Satheesh and Sean Ma and Zhiheng Huang and Andrej Karpathy and Aditya Khosla and Michael Bernstein and Alexander C. Berg and Li Fei-Fei},
Title = {{ImageNet Large Scale Visual Recognition Challenge}},
Year = {2015},
journal   = {International Journal of Computer Vision (IJCV)},
doi = {10.1007/s11263-015-0816-y},
volume={115},
number={3},
pages={211-252}
}

@misc{kollewe_2019, title={NHS data is worth billions â€“ but who should have access to it?}, howpublished={\url{https://www.theguardian.com/society/2019/jun/10/nhs-data-google-alphabet-tech-drug-firms}}, journal={The Guardian}, publisher={Guardian News and Media}, author={Kollewe, Julia}, year={2019}, month={Jun}}

@misc{nvidia, title={
AI Helps Doctors Diagnose the Coronavirus}, howpublished={\url{https://news.developer.nvidia.com/ai-helps-doctors-diagnose-the-coronavirus/}}, journal={NVIDIA Developer News Center}, year={2020}, month={Feb}}

@article{suleymanova2018deep,
  title={A deep convolutional neural network approach for astrocyte detection},
  author={Suleymanova, Ilida and Balassa, Tamas and Tripathi, Sushil and Molnar, Csaba and Saarma, Mart and Sidorova, Yulia and Horvath, Peter},
  journal={Scientific reports},
  volume={8},
  number={1},
  pages={1--7},
  year={2018},
  publisher={Nature Publishing Group}
}

@article{ribli2018detecting,
  title={Detecting and classifying lesions in mammograms with deep learning},
  author={Ribli, Dezs{\H{o}} and Horv{\'a}th, Anna and Unger, Zsuzsa and Pollner, P{\'e}ter and Csabai, Istv{\'a}n},
  journal={Scientific reports},
  volume={8},
  number={1},
  pages={1--7},
  year={2018},
  publisher={Nature Publishing Group}
}

@article{skrede2020deep,
  title={Deep learning for prediction of colorectal cancer outcome: a discovery and validation study},
  author={Skrede, Ole-Johan and De Raedt, Sepp and Kleppe, Andreas and Hveem, Tarjei S and Liest{\o}l, Knut and Maddison, John and Askautrud, Hanne A and Pradhan, Manohar and Nesheim, John Arne and Albregtsen, Fritz and others},
  journal={The Lancet},
  volume={395},
  number={10221},
  pages={350--360},
  year={2020},
  publisher={Elsevier}
}

@inproceedings{cciccek20163d,
  title={3D U-Net: learning dense volumetric segmentation from sparse annotation},
  author={{\c{C}}i{\c{c}}ek, {\"O}zg{\"u}n and Abdulkadir, Ahmed and Lienkamp, Soeren S and Brox, Thomas and Ronneberger, Olaf},
  booktitle={International conference on medical image computing and computer-assisted intervention},
  pages={424--432},
  year={2016},
  organization={Springer}
}

@article{ribli2019improved,
  title={An improved cosmological parameter inference scheme motivated by deep learning},
  author={Ribli, Dezs{\H{o}} and Pataki, B{\'a}lint {\'A}rmin and Csabai, Istv{\'a}n},
  journal={Nature Astronomy},
  volume={3},
  number={1},
  pages={93--98},
  year={2019},
  publisher={Nature Publishing Group}
}

@inproceedings{greydanus2019hamiltonian,
  title={Hamiltonian neural networks},
  author={Greydanus, Samuel and Dzamba, Misko and Yosinski, Jason},
  booktitle={Advances in Neural Information Processing Systems},
  pages={15353--15363},
  year={2019}
}

@article{cranmer2020lagrangian,
  title={Lagrangian Neural Networks},
  author={Cranmer, Miles and Greydanus, Sam and Hoyer, Stephan and Battaglia, Peter and Spergel, David and Ho, Shirley},
  journal={arXiv preprint arXiv:2003.04630},
  year={2020}
}

@article{mnih2013playing,
  title={Playing atari with deep reinforcement learning},
  author={Mnih, Volodymyr and Kavukcuoglu, Koray and Silver, David and Graves, Alex and Antonoglou, Ioannis and Wierstra, Daan and Riedmiller, Martin},
  journal={arXiv preprint arXiv:1312.5602},
  year={2013}
}

@misc{alphastarblog,
  title="{AlphaStar: Mastering the Real-Time Strategy Game StarCraft II}",
  author={Vinyals, Oriol and Babuschkin, Igor and Chung, Junyoung and Mathieu, Michael and Jaderberg, Max and Czarnecki, Wojtek and Dudzik, Andrew and Huang, Aja and Georgiev, Petko and Powell, Richard and Ewalds, Timo and Horgan, Dan and Kroiss, Manuel and Danihelka, Ivo and Agapiou, John and Oh, Junhyuk and Dalibard, Valentin and Choi, David and Sifre, Laurent and Sulsky, Yury and Vezhnevets, Sasha and Molloy, James and Cai, Trevor and Budden, David and Paine, Tom and Gulcehre, Caglar and Wang, Ziyu and Pfaff, Tobias and Pohlen, Toby and Yogatama, Dani and Cohen, Julia and McKinney, Katrina and Smith, Oliver and Schaul, Tom and Lillicrap, Timothy and Apps, Chris and Kavukcuoglu, Koray and Hassabis, Demis and Silver, David},
  howpublished={\url{https://deepmind.com/blog/alphastar-mastering-real-time-strategy-game-starcraft-ii/}},
  year={2019}
}

@misc{satariano_metz_2020, title={A Warehouse Robot Learns to Sort Out the Tricky Stuff}, url={https://www.nytimes.com/2020/01/29/technology/warehouse-robot.html}, journal={The New York Times}, publisher={The New York Times}, author={Satariano, Adam and Metz, Cade}, year={2020}, month={Jan}}

@article{arrese2002trichromacy,
  title={Trichromacy in Australian marsupials},
  author={Arrese, Catherine A and Hart, Nathan S and Thomas, Nicole and Beazley, Lyn D and Shand, Julia},
  journal={Current Biology},
  volume={12},
  number={8},
  pages={657--660},
  year={2002},
  publisher={Elsevier}
}

@article{olshausen1996emergence,
  title={Emergence of simple-cell receptive field properties by learning a sparse code for natural images},
  author={Olshausen, Bruno A and Field, David J},
  journal={Nature},
  volume={381},
  number={6583},
  pages={607},
  year={1996},
  publisher={Nature Publishing Group}
}

@article{ZiembaV2,
	author = {Ziemba, Corey M. and Freeman, Jeremy and Movshon, J. Anthony and Simoncelli, Eero P.},
	title = {Selectivity and tolerance for visual texture in macaque V2},
	volume = {113},
	number = {22},
	pages = {E3140--E3149},
	year = {2016},
	doi = {10.1073/pnas.1510847113},
	publisher = {National Academy of Sciences},
	issn = {0027-8424},
	URL = {https://www.pnas.org/content/113/22/E3140},
	eprint = {https://www.pnas.org/content/113/22/E3140.full.pdf},
	journal = {Proceedings of the National Academy of Sciences}
}

@article{cohen2019chester,
  title={Chester: A Web Delivered Locally Computed Chest X-Ray Disease Prediction System},
  author={Cohen, Joseph Paul and Bertin, Paul and Frappier, Vincent},
  journal={arXiv preprint arXiv:1901.11210},
  year={2019}
}

@article{simonyan2014very,
  title={Very deep convolutional networks for large-scale image recognition},
  author={Simonyan, Karen and Zisserman, Andrew},
  journal={arXiv preprint arXiv:1409.1556},
  year={2014}
}

@inproceedings{ren2015faster,
  title={Faster r-cnn: Towards real-time object detection with region proposal networks},
  author={Ren, Shaoqing and He, Kaiming and Girshick, Ross and Sun, Jian},
  booktitle={Advances in neural information processing systems},
  pages={91--99},
  year={2015}
}

@inproceedings{redmon2016you,
  title={You only look once: Unified, real-time object detection},
  author={Redmon, Joseph and Divvala, Santosh and Girshick, Ross and Farhadi, Ali},
  booktitle={Proceedings of the IEEE conference on computer vision and pattern recognition},
  pages={779--788},
  year={2016}
}

@misc{kormanyzat_2018, title={VastagbÃ©lszÅ±rÃ©si programot indÃ­t a kormÃ¡ny az Å‘sztÅ‘l}, howpublished={\url{https://www.kormany.hu/hu/emberi-eroforrasok-miniszteriuma/hirek/vastagbelszuresi-programot-indit-a-kormany-az-osztol}}, journal={KormÃ¡nyzat}, year={2018}, month={Aug}}

@article{fischer2008hematoxylin,
  title={Hematoxylin and eosin staining of tissue and cell sections},
  author={Fischer, Andrew H and Jacobson, Kenneth A and Rose, Jack and Zeller, Rolf},
  journal={Cold spring harbor protocols},
  volume={2008},
  number={5},
  pages={pdb--prot4986},
  year={2008},
  publisher={Cold spring harbor laboratory press}
}

@misc{whoCANCER, title={Cancer}, author={World Health Organization}, howpublished={\url{https://www.who.int/news-room/fact-sheets/detail/cancer}}, year={2018}, month={Sep}
}

@misc{rivm_2014, title={Colorectal cancer screening programme}, howpublished={\url{https://www.rivm.nl/en/colorectal-cancer-screening-programme}}, journal={RIVM}, year={2014}}

@misc{gov.uk_2015, title={Bowel cancer screening: programme overview}, howpublished={\url{https://www.gov.uk/guidance/bowel-cancer-screening-programme-overview}}, journal={GOV.UK}, year={2015}, month={Jan}}

@misc{euReportOnCancer, title={Cancer Screening in the European Union, Report on the implementation of the Council Recommendation on cancer screening}, url={https://ec.europa.eu/health/sites/health/files/major_chronic_diseases/docs/2017_cancerscreening_2ndreportimplementation_en.pdf}, year={2019}, author={International Agency for Research on Cancer}}

@article{korbar2017deep,
  title={Deep learning for classification of colorectal polyps on whole-slide images},
  author={Korbar, Bruno and Olofson, Andrea M and Miraflor, Allen P and Nicka, Catherine M and Suriawinata, Matthew A and Torresani, Lorenzo and Suriawinata, Arief A and Hassanpour, Saeed},
  journal={Journal of pathology informatics},
  volume={8},
  year={2017},
  publisher={Wolters Kluwer--Medknow Publications}
}

@article{bychkov2018deep,
  title={Deep learning based tissue analysis predicts outcome in colorectal cancer},
  author={Bychkov, Dmitrii and Linder, Nina and Turkki, Riku and Nordling, Stig and Kovanen, Panu E and Verrill, Clare and Walliander, Margarita and Lundin, Mikael and Haglund, Caj and Lundin, Johan},
  journal={Scientific reports},
  volume={8},
  number={1},
  pages={1--11},
  year={2018},
  publisher={Nature Publishing Group}
}

@article{skrede2020deep,
  title={Deep learning for prediction of colorectal cancer outcome: a discovery and validation study},
  author={Skrede, Ole-Johan and De Raedt, Sepp and Kleppe, Andreas and Hveem, Tarjei S and Liest{\o}l, Knut and Maddison, John and Askautrud, Hanne A and Pradhan, Manohar and Nesheim, John Arne and Albregtsen, Fritz and others},
  journal={The Lancet},
  volume={395},
  number={10221},
  pages={350--360},
  year={2020},
  publisher={Elsevier}
}

@inproceedings{takahama2019multi,
  title={Multi-Stage Pathological Image Classification using Semantic Segmentation},
  author={Takahama, Shusuke and Kurose, Yusuke and Mukuta, Yusuke and Abe, Hiroyuki and Fukayama, Masashi and Yoshizawa, Akihiko and Kitagawa, Masanobu and Harada, Tatsuya},
  booktitle={Proceedings of the IEEE International Conference on Computer Vision},
  pages={10702--10711},
  year={2019}
}

@inproceedings{ronneberger2015u,
  title={U-net: Convolutional networks for biomedical image segmentation},
  author={Ronneberger, Olaf and Fischer, Philipp and Brox, Thomas},
  booktitle={International Conference on Medical image computing and computer-assisted intervention},
  pages={234--241},
  year={2015},
  organization={Springer}
}

@article{aarons2014management,
  title={Management of malignant colon polyps: current status and controversies},
  author={Aarons, Cary B and Shanmugan, Skandan and Bleier, Joshua IS},
  journal={World Journal of Gastroenterology: WJG},
  volume={20},
  number={43},
  pages={16178},
  year={2014},
  publisher={Baishideng Publishing Group Inc}
}

@article{liu2019variance,
  title={On the variance of the adaptive learning rate and beyond},
  author={Liu, Liyuan and Jiang, Haoming and He, Pengcheng and Chen, Weizhu and Liu, Xiaodong and Gao, Jianfeng and Han, Jiawei},
  journal={arXiv preprint arXiv:1908.03265},
  year={2019}
}

@inproceedings{zhang2019lookahead,
  title={Lookahead Optimizer: k steps forward, 1 step back},
  author={Zhang, Michael and Lucas, James and Ba, Jimmy and Hinton, Geoffrey E},
  booktitle={Advances in Neural Information Processing Systems},
  pages={9593--9604},
  year={2019}
}

@article{vos2016global,
  title={Global, regional, and national incidence, prevalence, and years lived with disability for 310 diseases and injuries, 1990--2015: a systematic analysis for the Global Burden of Disease Study 2015},
  author={Vos, Theo and Allen, Christine and Arora, Megha and Barber, Ryan M and Bhutta, Zulfiqar A and Brown, Alexandria and Carter, Austin and Casey, Daniel C and Charlson, Fiona J and Chen, Alan Z and others},
  journal={The Lancet},
  volume={388},
  number={10053},
  pages={1545--1602},
  year={2016},
  publisher={Elsevier}
}

@article{van1995radiographic,
  title={Radiographic progression on radiographs of hands and feet during the first 3 years of rheumatoid arthritis measured according to Sharp's method (van der Heijde modification)},
  author={Van der Heijde, DMFM and Van Leeuwen, MA and Van Riel, PLCM and Van de Putte, LBA},
  year={1995}
}

@inproceedings{he2017mask,
  title={Mask r-cnn},
  author={He, Kaiming and Gkioxari, Georgia and Doll{\'a}r, Piotr and Girshick, Ross},
  booktitle={Proceedings of the IEEE international conference on computer vision},
  pages={2961--2969},
  year={2017}
}

@misc{wu2019detectron2,
  author =       {Yuxin Wu and Alexander Kirillov and Francisco Massa and
                  Wan-Yen Lo and Ross Girshick},
  title =        {Detectron2},
  howpublished = {\url{https://github.com/facebookresearch/detectron2}},
  year =         {2019}
}

@article{tan2019efficientnet,
  title={Efficientnet: Rethinking model scaling for convolutional neural networks},
  author={Tan, Mingxing and Le, Quoc V},
  journal={arXiv preprint arXiv:1905.11946},
  year={2019}
}

@article{toth2019hamiltonian,
  title={Hamiltonian generative networks},
  author={Toth, Peter and Rezende, Danilo Jimenez and Jaegle, Andrew and Racani{\`e}re, S{\'e}bastien and Botev, Aleksandar and Higgins, Irina},
  journal={arXiv preprint arXiv:1909.13789},
  year={2019}
}

@article{amodei2016concrete,
  title={Concrete problems in AI safety},
  author={Amodei, Dario and Olah, Chris and Steinhardt, Jacob and Christiano, Paul and Schulman, John and Man{\'e}, Dan},
  journal={arXiv preprint arXiv:1606.06565},
  year={2016}
}

@article{cammarata2020thread:,
  author = {Cammarata, Nick and Carter, Shan and Goh, Gabriel and Olah, Chris and Petrov, Michael and Schubert, Ludwig},
  title = {Thread: Circuits},
  journal = {Distill},
  year = {2020},
  note = {https://distill.pub/2020/circuits},
  doi = {10.23915/distill.00024}
}

@article{cohen1960coefficient,
  title={A coefficient of agreement for nominal scales},
  author={Cohen, Jacob},
  journal={Educational and psychological measurement},
  volume={20},
  number={1},
  pages={37--46},
  year={1960},
  publisher={Sage Publications Sage CA: Thousand Oaks, CA}
}

@inproceedings{girshick2014rich,
  title={Rich feature hierarchies for accurate object detection and semantic segmentation},
  author={Girshick, Ross and Donahue, Jeff and Darrell, Trevor and Malik, Jitendra},
  booktitle={Proceedings of the IEEE conference on computer vision and pattern recognition},
  pages={580--587},
  year={2014}
}

@inproceedings{girshick2015fast,
  title={Fast r-cnn},
  author={Girshick, Ross},
  booktitle={Proceedings of the IEEE international conference on computer vision},
  pages={1440--1448},
  year={2015}
}